001  0000165
005  20180630132809.276
008  170720s||||     bl|||||||||||||||||por|u
020    $a8526010913
040    $aPorto Alegre$bpor
080    $282-93-Verde$a1997
090    $a82-93-Verde$bS237p$c2 ed.
100 1  $aSantos, Joel Rufino dos
245 10 $aO presente de Ossanha$cJoel Rufino dos Santos
260    $aSão Paulo$bGlobal$c2006
300    $a15 p.$bil. color.
650    $aLiteratura infantil
650    $aLiteratura infanto-juvenil
650    $aConto
650    $aCultura
650    $aOrixá das matas
650    $aOssanha
650    $aPassáro
